<?xml version="1.0" encoding="UTF-8"?><collection xmlns="http://www.loc.gov/MARC21/slim"><record><leader>00534nam--2200181-i-4500</leader><controlfield tag="001">000019181</controlfield><controlfield tag="002">20161230</controlfield><controlfield tag="005">20161230201033</controlfield><controlfield tag="008">060222s1000------------r-----000-0-fre-d</controlfield><datafield ind1=" " ind2=" " tag="040"><subfield code="a">IFIN-HH</subfield></datafield><datafield ind1=" " ind2=" " tag="041"><subfield code="a">fre</subfield></datafield><datafield ind1=" " ind2=" " tag="080"><subfield code="a">538.955(043)</subfield></datafield><datafield ind1="1" ind2=" " tag="100"><subfield code="a">Gabay, Marc</subfield></datafield><datafield ind1="1" ind2="0" tag="245"><subfield code="a">Fluctuations de spin dans des systemes presque magnetiques puor des dimensions inferieures ou egales a trois</subfield><subfield code="b">These</subfield><subfield code="c">Marc gabay</subfield></datafield><datafield ind1=" " ind2=" " tag="260"><subfield code="a">Paris</subfield><subfield code="b">Universite De Paris-sud</subfield><subfield code="c">1977</subfield></datafield><datafield ind1=" " ind2=" " tag="300"><subfield code="a">76P</subfield></datafield><datafield ind1=" " ind2=" " tag="852"><subfield code="a">44878</subfield><subfield code="c">538.4</subfield></datafield><datafield ind1=" " ind2=" " tag="CAT"><subfield code="a">Sys</subfield><subfield code="c">20110920</subfield><subfield code="h">123609</subfield></datafield></record></collection>